<?xml version="1.0" encoding="UTF-8"?><collection xmlns="http://www.loc.gov/MARC21/slim"><record><leader>00289nam--2200121-i-4500</leader><controlfield tag="001">000042384</controlfield><controlfield tag="002">20161230</controlfield><controlfield tag="005">20161230201043</controlfield><controlfield tag="008">060222s1000------------r-----000-0-eng-d</controlfield><datafield ind1=" " ind2=" " tag="080"><subfield code="a">629.19(520)</subfield></datafield><datafield ind1=" " ind2=" " tag="245"><subfield code="a">Space research in japan nat.report:1986</subfield></datafield><datafield ind1=" " ind2=" " tag="260"><subfield code="a">Tokyo, Univ.,1980</subfield></datafield><datafield ind1=" " ind2=" " tag="852"><subfield code="a">72517</subfield></datafield></record></collection>